 @book{Beekes_Beek_2016, place={Leiden}, series={Leiden Indo-European etymological dictionary series}, title={Etymological Dictionary of Greek}, ISBN={978-90-04-32186-1}, publisher={Brill}, author={Beekes, R. S. P. and Beek, Lucien van}, year={2016}, collection={Leiden Indo-European etymological dictionary series} }
 @inbook{Brixhe_2015, place={Cambridge}, title={A Modern Approach to the Ancient Greek Dialects}, volume={1}, ISBN={978-1-107-12328-1}, booktitle={A History of Ancient Greek from the Beginnings to Late Antiquity}, publisher={Cambridge University Press}, author={Brixhe, C.}, year={2015}, pages={486–499} }
 @inbook{Dosuna_2015a, place={Cambridge}, title={The Aeolic Dialects}, volume={1}, ISBN={978-1-107-12328-1}, booktitle={A History of Ancient Greek from the Beginnings to Late Antiquity}, publisher={Cambridge University Press}, author={Dosuna, J. Méndez}, year={2015}, pages={460–474} }
 @inbook{Dosuna_2015b, place={Cambridge}, title={The Doric Dialects}, volume={1}, ISBN={978-1-107-12328-1}, booktitle={A History of Ancient Greek from the Beginnings to Late Antiquity}, publisher={Cambridge University Press}, author={Dosuna, J. Méndez}, year={2015}, pages={444–459} }
 @inbook{Karali_2015, place={Cambridge}, title={The Classification of the Ancient Greek Dialects}, volume={1}, ISBN={978-1-107-12328-1}, booktitle={A History of Ancient Greek from the Beginnings to Late Antiquity}, publisher={Cambridge University Press}, author={Karali, M.}, editor={Markham, Chris}, year={2015}, pages={387–394} }
 @book{Levshina_2015, place={Amsterdam ; Philadelphia}, title={How to Do Linguistics with R: Data Exploration and Statistical Analysis}, ISBN={978-90-272-1224-5}, publisher={John Benjamins Publishing Company}, author={Levshina, Natalia}, year={2015} }
 @book{McLean_2011, place={Ann Arbor, Mich}, title={An introduction to Greek epigraphy of the Hellenistic and Roman periods from Alexander the Great down to the reign of Constantine (323 B.C. - A.D. 337)}, ISBN={978-0-472-03471-0}, publisher={University of Michigan Press}, author={McLean, Bradley H.}, year={2011} }
 @inbook{Panayotou_2015, place={Cambridge}, title={Ionic and Attic}, volume={1}, ISBN={978-1-107-12328-1}, booktitle={A History of Ancient Greek from the Beginnings to Late Antiquity}, publisher={Cambridge University Press}, author={Panayotou, A.}, editor={Markham, Chris}, year={2015}, pages={405–416} }
 @inbook{Papanastassiou_Petrounias_2015, place={Cambridge}, title={The Morphology of Classical Greek}, volume={1}, ISBN={978-1-107-12328-1}, booktitle={A History of Ancient Greek from the Beginnings to Late Antiquity}, publisher={Cambridge University Press}, author={Papanastassiou, G. C. and Petrounias, E. B.}, editor={Lillie, W. J.}, year={2015}, pages={571–589} }
 @book{Papazarkadas_2014, place={Leiden ; Boston}, series={Brill studies in Greek and Roman epigraphy}, title={The Epigraphy and History of Boeotia: New Finds, New Prospects}, ISBN={978-90-04-23052-1}, publisher={Brill}, year={2014}, collection={Brill studies in Greek and Roman epigraphy} }
