@book{Beekes_van Beek_2016,
	address={Leiden},
	series={Leiden Indo-European etymological dictionary series},
	title={Etymological Dictionary of Greek},
	ISBN={978-90-04-32186-1},
	publisher={Brill},
	author={Beekes, R. S. P. and van Beek, Lucien},
	year={2016},
	collection={Leiden Indo-European etymological dictionary series},
	language={grc eng},
	keywords={secondary, prospectus}
}

@inbook{Brixhe_2015,
	address={Cambridge},
	title={A Modern Approach to the Ancient Greek Dialects},
	volume={1},
	ISBN={978-1-107-12328-1},
	booktitle={A History of Ancient Greek from the Beginnings to Late Antiquity},
	publisher={Cambridge University Press},
	author={Brixhe, C.},
	year={2015},
	pages={486–499},
	language={English},
	keywords={secondary, prospectus}
}

@inbook{Dosuna_2015a,
	address={Cambridge},
	title={The Aeolic Dialects},
	volume={1},
	ISBN={978-1-107-12328-1},
	booktitle={A History of Ancient Greek from the Beginnings to Late Antiquity},
	publisher={Cambridge University Press},
	author={Dosuna, J. Méndez},
	year={2015},
	pages={460–474},
	language={English},
	keywords={secondary, prospectus}
}

@inbook{Dosuna_2015b,
	address={Cambridge},
	title={The Doric Dialects},
	volume={1},
	ISBN={978-1-107-12328-1},
	booktitle={A History of Ancient Greek from the Beginnings to Late Antiquity},
	publisher={Cambridge University Press},
	author={Dosuna, J. Méndez},
	year={2015},
	pages={444–459},
	language={English},
	keywords={secondary, prospectus}
}

@inbook{Karali_2015,
	address={Cambridge},
	title={The Classification of the Ancient Greek Dialects},
	volume={1},
	ISBN={978-1-107-12328-1},
	booktitle={A History of Ancient Greek from the Beginnings to Late Antiquity},
	publisher={Cambridge University Press},
	author={Karali, M.},
	={Markham, Chris},
	year={2015},
	pages={387–394},
	language={English},
	keywords={secondary, prospectus}
}

@book{Levshina_2015,
	address={Amsterdam ; Philadelphia},
	title={How to Do Linguistics with R: Data Exploration and Statistical Analysis},
	ISBN={978-90-272-1224-5},
	callNumber={P98.5.S83 L487 2015},
	publisher={John Benjamins Publishing Company},
	author={Levshina, Natalia},
	year={2015},
	keywords={secondary, prospectus}
}

@article{Luo_Hartmann_Santus_Barzilay_Cao_2021,
	title={Deciphering Undersegmented Ancient Scripts Using Phonetic Prior},
	volume={9},
	ISSN={2307-387X},
	DOI={10.1162/tacl_a_00354},
	abstractNote={Most undeciphered lost languages exhibit two characteristics that pose significant decipherment challenges: (1) the scripts are not fully segmented into words; (2) the closest known language is not determined. We propose a decipherment model that handles both of these challenges by building on rich linguistic constraints reflecting consistent patterns in historical sound change. We capture the natural phonological geometry by learning character embeddings based on the International Phonetic Alphabet (IPA). The resulting generative framework jointly models word segmentation and cognate alignment,
	informed by phonological constraints. We evaluate the model on both deciphered languages (Gothic,
	Ugaritic) and an undeciphered one (Iberian). The experiments show that incorporating phonetic geometry leads to clear and consistent gains. Additionally,
	we propose a measure for language closeness which correctly identifies related languages for Gothic and Ugaritic. For Iberian,
	the method does not show strong evidence supporting Basque as a related language,
	concurring with the favored position by the current scholarship.1},
	journal={Transactions of the Association for Computational Linguistics},
	author={Luo, Jiaming and Hartmann,
	Frederik and Santus,
	Enrico and Barzilay,
	Regina and Cao,
	Yuan},
	year={2021},
	month={Feb},
	pages={69–81},
	keywords={secondary, prospectus}
}

@book{McLean_2011,
	address={Ann Arbor,
	Mich},
	title={An introduction to Greek epigraphy of the Hellenistic and Roman periods from Alexander the Great down to the reign of Constantine (323 B.C. - A.D. 337)},
	ISBN={978-0-472-03471-0},
	publisher={University of Michigan Press},
	author={McLean, Bradley H.},
	year={2011},
	language={eng grc},
	keywords={secondary, prospectus}
}

@inbook{Panayotou_2015,
	address={Cambridge},
	title={Ionic and Attic},
	volume={1},
	ISBN={978-1-107-12328-1},
	booktitle={A History of Ancient Greek from the Beginnings to Late Antiquity},
	publisher={Cambridge University Press},
	author={Panayotou, A.},
	={Markham, Chris},
	year={2015},
	pages={405–416},
	language={English},
	keywords={secondary, prospectus}
}

@inbook{Papanastassiou_Petrounias_2015,
	address={Cambridge},
	title={The Morphology of Classical Greek},
	volume={1},
	ISBN={978-1-107-12328-1},
	booktitle={A History of Ancient Greek from the Beginnings to Late Antiquity},
	publisher={Cambridge University Press},
	author={Papanastassiou, G. C. and Petrounias, E. B.},
	={Lillie, W. J.},
	year={2015},
	pages={571–589},
	language={English},
	keywords={secondary, prospectus}
}

@book{Papazarkadas_2014,
	address={Leiden ; Boston},
	series={Brill studies in Greek and Roman epigraphy},
	title={The Epigraphy and History of Boeotia: New Finds,
	New Prospects},
	ISBN={978-90-04-23052-1},
	callNumber={DF261.B5 E65 2014},
	publisher={Brill},
	year={2014},
	collection={Brill studies in Greek and Roman epigraphy},
	keywords={secondary, prospectus}
}